@article{Barenco1995,
  doi = {10.1103/physreva.52.3457},
  url = {https://doi.org/10.1103/physreva.52.3457},
  year  = {1995},
  month = {nov},
  publisher = {American Physical Society ({APS})},
  volume = {52},
  number = {5},
  pages = {3457--3467},
  author = {Adriano Barenco and Charles H. Bennett and Richard Cleve and David P. DiVincenzo and Norman Margolus and Peter Shor and Tycho Sleator and John A. Smolin and Harald Weinfurter},
  title = {Elementary gates for quantum computation},
  journal = {Physical Review A}
}

@misc{Cuccaro2004,
  Author = {Steven A. Cuccaro and Thomas G. Draper and Samuel A. Kutin and David Petrie Moulton},
  Title = {A new quantum ripple-carry addition circuit},
  Year = {2004},
  Eprint = {arXiv:quant-ph/0410184},
}

@book{Nielsen2009,
  doi = {10.1017/cbo9780511976667},
  url = {https://doi.org/10.1017/cbo9780511976667},
  year  = {2009},
  publisher = {Cambridge University Press},
  author = {Michael A. Nielsen and Isaac L. Chuang},
  title = {Quantum Computation and Quantum Information}
}

@article{Jones2013,
  doi = {10.1103/physreva.87.022328},
  url = {https://doi.org/10.1103/physreva.87.022328},
  year  = {2013},
  month = {feb},
  publisher = {American Physical Society ({APS})},
  volume = {87},
  number = {2},
  author = {Cody Jones},
  title = {Low-overhead constructions for the fault-tolerant Toffoli gate},
  journal = {Physical Review A}
}

@article{Gosset2014,
 author = {Gosset, David and Kliuchnikov, Vadym and Mosca, Michele and Russo, Vincent},
 title = {An Algorithm for the T-count},
 journal = {Quantum Info. Comput.},
 issue_date = {November 2014},
 volume = {14},
 number = {15-16},
 month = nov,
 year = {2014},
 issn = {1533-7146},
 pages = {1261--1276},
 numpages = {16},
 url = {http://dl.acm.org/citation.cfm?id=2685179.2685180},
 acmid = {2685180},
 publisher = {Rinton Press, Incorporated},
 address = {Paramus, NJ},
}

@article{Wiseman2007,
  doi = {10.1103/physrevlett.98.140402},
  url = {https://doi.org/10.1103/physrevlett.98.140402},
  year  = {2007},
  month = {apr},
  publisher = {American Physical Society ({APS})},
  volume = {98},
  number = {14},
  author = {H. M. Wiseman and S. J. Jones and A. C. Doherty},
  title = {Steering,  Entanglement,  Nonlocality,  and the Einstein-Podolsky-Rosen Paradox},
  journal = {Physical Review Letters}
}

@article{Amy2013,
  doi = {10.1109/tcad.2013.2244643},
  url = {https://doi.org/10.1109/tcad.2013.2244643},
  year  = {2013},
  month = {jun},
  publisher = {Institute of Electrical and Electronics Engineers ({IEEE})},
  volume = {32},
  number = {6},
  pages = {818--830},
  author = {M. Amy and D. Maslov and M. Mosca and M. Roetteler},
  title = {A Meet-in-the-Middle Algorithm for Fast Synthesis of Depth-Optimal Quantum Circuits},
  journal = {{IEEE} Transactions on Computer-Aided Design of Integrated Circuits and Systems}
}

@misc{AustinDiscussionsAndEmails2017,
  author = "Austin Fowler and Dmitri Maslov and Cody Jones",
  date = "August 2017",
  howpublished = "Private communication"
}

@misc{Coreas2017,
  Author = {Edgard Mu√±oz-Coreas and Himanshu Thapliyal},
  Title = {T-count Optimized Design of Quantum Integer Multiplication},
  Year = {2017},
  Eprint = {arXiv:1706.05113},
}

